@inproceedings{Wang17,
	author    = {William Yang Wang},
	title     = {"Liar, Liar Pants on Fire": {A} New Benchmark Dataset for Fake News
	Detection},
	booktitle = {Proceedings of the 55th Annual Meeting of the Association for Computational
	Linguistics, {ACL} 2017, Vancouver, Canada, July 30 - August 4, Volume
	2: Short Papers},
	pages     = {422--426},
	year      = {2017},
	url       = {https://doi.org/10.18653/v1/P17-2067},
	doi       = {10.18653/v1/P17-2067},
}
@article{Gencheva2017,
	Doi             = {10.26615/978-954-452-049-6-037},
	Isbn            = {9789544520489},
	Issn            = {13138502},
	Journal         = {International Conference Recent Advances in Natural Language Processing, RANLP},
	Mendeley-groups = {SemVal},
	Pages           = {267--276},
	Title           = {{A context-aware approach for detecting worth-checking claims in political debates}},
	Volume          = {2017-Septe},
	Year            = {2017}
}
@conference{DasBhattacharjee2018556,
	Author          = {{Das Bhattacharjee}, S and Talukder, A and Balantrapu, B V},
	Booktitle       = {Proceedings - 2017 IEEE International Conference on Big Data, Big Data 2017},
	Doi             = {10.1109/BigData.2017.8257971},
	Editor          = {{Obradovic Z. Baeza-Yates R.}, Kepner J Nambiar R Wang C Toyoda M Suzumura T Hu X Cuzzocrea A Baeza-Yates R Tang J Zang H Nie J.-Y. Ghosh R},
	Mendeley-groups = {SemVal},
	Pages           = {556--565},
	Title           = {{Active learning based news veracity detection with feature weighting and deep-shallow fusion}},
	Volume          = {2018-Janua},
	Year            = {2018}
}
@article{Hassanali2010,
	Author          = {Hassanali, Khairun-nisa and Hatzivassiloglou, Vasileios},
	Doi             = {10.1016/j.atmosres.2012.06.020},
	Isbn            = {0169-8095},
	Issn            = {01698095},
	Journal         = {Proceedings of the NAACL HLT 2010 Workshop on Computational Linguistics in a World of Social Media},
	Mendeley-groups = {SemVal},
	Number          = {June},
	Pages           = {21--22},
	Title           = {{Automatic Detection of Tags for Political Blogs}},
	Year            = {2010}
}
@conference{Buntain2017208,
	Author          = {Buntain, C and Golbeck, J},
	Booktitle       = {Proceedings - 2nd IEEE International Conference on Smart Cloud, SmartCloud 2017},
	Doi             = {10.1109/SmartCloud.2017.40},
	Editor          = {M., Qiu},
	Pages           = {208--215},
	Title           = {{Automatically Identifying Fake News in Popular Twitter Threads}},
	Year            = {2017}
}
@article{Preotiuc-Pietro2017,
	Author          = {Preo≈£iuc-Pietro, Daniel and Liu, Ye and Hopkins, Daniel and Ungar, Lyle},
	Doi             = {10.18653/v1/P17-1068},
	Isbn            = {9781945626753},
	Journal         = {Proceedings of the 55th Annual Meeting of the Association for
Computational Linguistics (Volume 1: Long Papers)},
	Mendeley-groups = {SemVal},
	Pages           = {729--740},
	Title           = {{Beyond Binary Labels: Political Ideology Prediction of Twitter Users}},
	Url             = {http://aclweb.org/anthology/P17-1068},
	Year            = {2017}
}
@article{Monteiro2018324,
	Author          = {Monteiro, R A and Santos, R L S and Pardo, T A S and de Almeida, T A and Ruiz, E E S and Vale, A},
	Doi             = {10.1007/978-3-319-99722-3_33},
	Editor          = {{Gamallo P. Paetzold G.H.}, Abad A Villavicencio A Moreira V Goncalo Oliveira H Villavicencio A Ramisch C Caseli H},
	Journal         = {Lecture Notes in Computer Science (including subseries Lecture Notes in Artificial Intelligence and Lecture Notes in Bioinformatics)},
	Mendeley-groups = {SemVal},
	Pages           = {324--334},
	Title           = {{Contributions to the Study of Fake News in Portuguese: New Corpus and Automatic Detection Results}},
	Volume          = {11122 LNAI},
	Year            = {2018}
}
@article{Dong2018199,
	Author          = {Dong, M and Yao, L and Wang, X and Benatallah, B and Sheng, Q Z and Huang, H},
	Doi             = {10.1007/978-3-030-02922-7_14},
	Editor          = {{Paik H. Wang H.}, Zhou R Hacid H Cellary W},
	Journal         = {Lecture Notes in Computer Science (including subseries Lecture Notes in Artificial Intelligence and Lecture Notes in Bioinformatics)},
	Pages           = {199--209},
	Title           = {{DUAL: A Deep Unified Attention Model with Latent Relation Representations for Fake News Detection}},
	Volume          = {11233 LNCS},
	Year            = {2018}
}
@conference{Wang2018849,
	Author          = {Wang, Y and Ma, F and Jin, Z and Yuan, Y and Xun, G and Jha, K and Su, L and Gao, J},
	Booktitle       = {Proceedings of the ACM SIGKDD International Conference on Knowledge Discovery and Data Mining},
	Doi             = {10.1145/3219819.3219903},
	Mendeley-groups = {SemVal},
	Pages           = {849--857},
	Title           = {{EANN: Event adversarial neural networks for multi-modal fake news detection}},
	Year            = {2018}
}

@conference{Kotteti2018193,
	Author          = {Kotteti, C M M and Dong, X and Li, N and Qian, L},
	Booktitle       = {Proceedings - IEEE 16th International Conference on Dependable, Autonomic and Secure Computing, IEEE 16th International Conference on Pervasive Intelligence and Computing, IEEE 4th International Conference on Big Data Intelligence and Computing and IEEE 3},
	Doi             = {10.1109/DASC/PiCom/DataCom/CyberSciTec.2018.00042},
	Mendeley-groups = {SemVal},
	Pages           = {193--199},
	Title           = {{Fake news detection enhancement with data imputation}},
	Year            = {2018}
}
@conference{Ajao2018226,
	Author          = {Ajao, O and Bhowmik, D and Zargari, S},
	Booktitle       = {ACM International Conference Proceeding Series},
	Doi             = {10.1145/3217804.3217917},
	File            = {:C$\backslash$:/Users/custjo01/AppData/Local/Mendeley Ltd./Mendeley Desktop/Downloaded/Ajao, Bhowmik, Zargari - 2018 - Fake news identification on Twitter with hybrid CNN and RNN models.pdf:pdf},
	Mendeley-groups = {SemVal},
	Pages           = {226--230},
	Title           = {{Fake news identification on Twitter with hybrid CNN and RNN models}},
	Year            = {2018}
}
@article{Verma2017426,
	Author          = {Verma, N and Fleischmann, K R and Koltai, K S},
	Doi             = {10.1002/pra2.2017.14505401046},
	File            = {:C$\backslash$:/Users/custjo01/AppData/Local/Mendeley Ltd./Mendeley Desktop/Downloaded/Verma, Fleischmann, Koltai - 2017 - Human values and trust in scientific journals, the mainstream media and fake news.pdf:pdf},
	Journal         = {Proceedings of the Association for Information Science and Technology},
	Mendeley-groups = {SemVal},
	Number          = {1},
	Pages           = {426--435},
	Title           = {{Human values and trust in scientific journals, the mainstream media and fake news}},
	Volume          = {54},
	Year            = {2017}
}
@conference{Sharonova201811,
	Author          = {Sharonova, N and Doroshenko, A and Cherednichenko, O},
	Booktitle       = {CEUR Workshop Proceedings},
	Editor          = {{Vysotska V. Lytvyn V.}, Sharonova N Hamon T Jonek-Kowalska I Grabar N Kowalska-Styczen A},
	File            = {:C$\backslash$:/Users/custjo01/AppData/Local/Mendeley Ltd./Mendeley Desktop/Downloaded/Sharonova, Doroshenko, Cherednichenko - 2018 - Issues of fact-based information analysis.pdf:pdf},
	Pages           = {11--19},
	Title           = {{Issues of fact-based information analysis}},
	Volume          = {2136},
	Year            = {2018}
}
@article{Kulkarni2018,
	Archiveprefix   = {arXiv},
	Arxivid         = {1809.03485},
	Author          = {Kulkarni, Vivek and Ye, Junting and Skiena, Steven and Wang, William Yang},
	Eprint          = {1809.03485},
	File            = {:C$\backslash$:/Users/custjo01/Downloads/D18-1388.pdf:pdf},
	Pages           = {3518--3527},
	Title           = {{Multi-view Models for Political Ideology Detection of News Articles}},
	Url             = {http://arxiv.org/abs/1809.03485},
	Year            = {2018}
}
@conference{Qian20183834,
	Author          = {Qian, F and Gong, C and Sharma, K and Liu, Y},
	Booktitle       = {IJCAI International Joint Conference on Artificial Intelligence},
	Editor          = {J., Lang},
	Pages           = {3834--3840},
	Title           = {{Neural user response generator: Fake news detection with collective user intelligence}},
	Volume          = {2018-July},
	Year            = {2018}
}
@article{Bermingham2011,
	Author          = {Bermingham, Adam and Smeaton, Alan F},
	Isbn            = {ISBN 1-55860-242-9},
	Journal         = {Proceedings of the Workshop on Sentiment Analysis Where AI Meets Psychology (SAAIP) 2011, Thailand},
	Pages           = {2--10},
	Title           = {{On Using Twitter to Monitor Political Sentiment and Predict Election Results}},
	Year            = {2011}
}
@conference{Samonte2018108,
	Author          = {Samonte, M J C},
	Booktitle       = {ACM International Conference Proceeding Series},
	Doi             = {10.1145/3230348.3230354},
	Mendeley-groups = {SemVal},
	Pages           = {108--112},
	Title           = {{Polarity analysis of editorial articles towards fake news detection}},
	Year            = {2018}
}
@article{Fallis2013,
	Archiveprefix   = {arXiv},
	Arxivid         = {arXiv:1011.1669v3},
	Author          = {Fallis, A.G},
	Doi             = {10.1017/CBO9781107415324.004},
	Eprint          = {arXiv:1011.1669v3},
	Isbn            = {9788578110796},
	Issn            = {1098-6596},
	Journal         = {Journal of Chemical Information and Modeling},
	Keywords        = {icle},
	Mendeley-groups = {SemVal},
	Number          = {9},
	Pages           = {1689--1699},
	Pmid            = {25246403},
	Title           = {{Political Ideology Detection Using Recursive Neural Networks}},
	Volume          = {53},
	Year            = {2013}
}
@article{Chang2017,
	Author          = {Chang, Che-Chia and Chiu, Shu-I and Hsu, Kuo-Wei},
	Doi             = {10.1145/3022227.3022283},
	Isbn            = {9781450348881},
	Journal         = {Proceedings of the 11th International Conference on Ubiquitous Information Management and Communication - IMCOM '17},
	Number          = {64},
	Pages           = {1--8},
	Title           = {{Predicting political affiliation of posts on Facebook}},
	Year            = {2017}
}
@article{Yano2009,
	Author          = {Yano, Tae and Cohen, William W. and Smith, Noah A.},
	Doi             = {10.3115/1620754.1620824},
	Isbn            = {9781932432411},
	Issn            = {1351-3249},
	Mendeley-groups = {SemVal},
	Number          = {June},
	Pages           = {477},
	Pmid            = {19776022},
	Title           = {{Predicting response to political blog posts with topic models}},
	Year            = {2009}
}
@article{Bastos2017,
	Author          = {Bastos, M T and Mercea, D},
	Doi             = {10.1177/0894439317734157},
	Journal         = {Social Science Computer Review},
	Title           = {{The Brexit Botnet and User-Generated Hyperpartisan News}},
	Year            = {2017}
}
@conference{Zannettou2017405,
	Author          = {Zannettou, S and Caulfield, T and {De Cristofaro}, E and Kourtellis, N and Leontiadis, I and Sirivianos, M and Stringhini, G and Blackburn, J},
	Booktitle       = {Proceedings of the ACM SIGCOMM Internet Measurement Conference, IMC},
	Doi             = {10.1145/3131365.3131390},
	Mendeley-groups = {SemVal},
	Pages           = {405--418},
	Title           = {{The web centipede: Understanding how web communities influence each other through the lens of mainstream and alternative news sources}},
	Volume          = {Part F1319},
	Year            = {2017}
}
@article{David2016610,
	Author          = {David, E and Zhitomirsky-Geffet, M and Koppel, M and Uzan, H},
	Doi             = {10.1108/OIR-09-2015-0308},
	Journal         = {Online Information Review},
	Mendeley-groups = {SemVal},
	Number          = {5},
	Pages           = {610--623},
	Title           = {{Utilizing Facebook pages of the political parties to automatically predict the political orientation of Facebook users}},
	Volume          = {40},
	Year            = {2016}
}
@conference{Helmstetter2018274,
	Author          = {Helmstetter, S and Paulheim, H},
	Booktitle       = {Proceedings of the 2018 IEEE/ACM International Conference on Advances in Social Networks Analysis and Mining, ASONAM 2018},
	Doi             = {10.1109/ASONAM.2018.8508520},
	Editor          = {{Tagarelli A. Reddy C.}, Brandes U},
	Pages           = {274--277},
	Title           = {{Weakly supervised learning for fake news detection on Twitter}},
	Year            = {2018}
}
@article{Balasubramanyan2011,
	Author          = {Balasubramanyan, Ramnath and Cohen, William W and Pierce, Doug and Redlawsk, David P},
	Doi             = {10.1002/(SICI)1097-0150(1998)3:5<248::AID-IGS4>3.0.CO;2-A},
	Isbn            = {978-1-932432-96-1},
	Issn            = {1092-9088},
	Journal         = {Proceedings of the Workshop on Languages in Social Media},
	Number          = {June},
	Pages           = {12--19},
	Pmid            = {10207649},
	Title           = {{What Pushes Their Buttons?: Predicting Comment Polarity from the Content of Political Blog Posts}},
	Year            = {2011}
}



%%%%%% Estudos fracos #

@conference{Gilda2018110,
	Author          = {Gilda, S},
	Booktitle       = {IEEE Student Conference on Research and Development: Inspiring Technology for Humanity, SCOReD 2017 - Proceedings},
	Doi             = {10.1109/SCORED.2017.8305411},
	Mendeley-groups = {SemVal},
	Pages           = {110--115},
	Title           = {{Evaluating machine learning algorithms for fake news detection}},
	Volume          = {2018-January},
	Year            = {2018}
}

